@book{learning-java,
 author = {Niemeyer,, Pat and Knudsen,, Jonathan},
 title = {Learning Java, 2nd edition},
 year = {2002},
 isbn = {0596002858},
 publisher = {O'Reilly \& Associates, Inc.},
 address = {Sebastopol, CA, USA},
 }


@book{java-nutshell,
 address = {Sebastopol, CA, USA},
 author = {Flanagan,, David},
 title = {Java In A Nutshell, 5th Edition},
 year = {2005},
 isbn = {0596007736},
 publisher = {O'Reilly \& Associates, Inc.},
 }
